here all AAC-related publications

@article{bhattacharya2009design,
  title={Design of an iconic communication aid for individuals in india with speech and motion impairments},
  author={Bhattacharya, Samit and Basu, Anupam},
  journal={Assistive Technology},
  volume={21},
  number={4},
  pages={173--187},
  year={2009},
  publisher={Taylor \& Francis}
}
@inproceedings{copestake1997augmented,
  title={Augmented and alternative {NLP} techniques for augmentative and alternative communication},
  author={Copestake, Ann},
  booktitle={In Proceedings of the {ACL} workshop on Natural Language Processing for Communication Aids},
  pages={37--42},
  year={1997}
}
@article{patel2004beyond,
  title={Beyond Linear Syntax: An Image-Oriented Communication Aid.},
  author={Patel, Rupal and Pilato, Sam and Roy, Deb},
  journal={Assistive Technology Outcomes and Benefits},
  volume={1},
  number={1},
  pages={57--66},
  year={2004},
  publisher={ERIC}
}
@inproceedings{sevens2015natural,
  title={Natural Language Generation from Pictographs},
  author={Sevens, Leen and Vandeghinste, Vincent and Schuurman, Ineke and Van
          Eynde, Frank},
  booktitle={Proceedings of the 15th European Workshop on Natural Language Generation (ENLG)},
  pages={71--75},
  year={2015},
  organization={Association for Computational Linguistics}
}
@article{vaillant1998interpretation,
  title={Interpretation of iconic utterances based on contents representation: Semantic analysis in the PVI system},
  author={Vaillant, Pascal},
  journal={Natural Language Engineering},
  volume={4},
  number={01},
  pages={17--40},
  year={1998},
  publisher={Cambridge Univ Press}
}
@inproceedings{wiegand2012symbolpath,
  title={{SymbolPath}: a continuous motion overlay module for icon-based assistive communication},
  author={Wiegand, Karl and Patel, Rupal},
  booktitle={Proceedings of the 14th international ACM SIGACCESS conference on Computers and accessibility},
  pages={209--210},
  year={2012},
  organization={ACM}
}
@misc{sclera2011voorstelling,
  title={Voorstelling van de werken},
  author={{Sclera NPO}},
  year={2012},
  country={Belgium},
  howpublished={Brochure},
  url="http://www.sclera.be/resources/img/vzw/Voorstelling\%202012.pdf"
}
