The grammar Matrix
@article{augustinus2015complement,
  title={Complement Raising and Cluster Formation in {Dutch}. A Treebank-supported Investigation},
  author={Augustinus, Liesbeth},
  year={2015}
}
@inproceedings{Ben:Fli:Oep:02,
  title = {The {Grammar Matrix}: An Open-Source Starter-Kit for the
           Rapid Development of Cross-Linguistically Consistent
           Broad-Coverage Precision Grammars},
  author = {Bender, Emily M. and Flickinger, Dan and Oepen, Stephan},
  booktitle = {Proceedings of the Workshop on Grammar Engineering and
               Evaluation at the 19th International Conference on
               Computational Linguistics},
  editor = {Carroll, John and Oostdijk, Nelleke and Sutcliffe, Richard},
  address = {Taipei, Taiwan},
  pages = {8--14},
  year = {2002}
}
Bender's PhD Thesis
@phdthesis{Bender:syntactic:01,
  author = {Bender, Emily M.},
  title = {Syntactic Variation and Linguistic Competence: The Case of {AAVE}
           Copula Absence},
  school = {Stanford University},
  year = {2001},
}
@inproceedings{bender2005rapid,
  title={Rapid prototyping of scalable grammars: Towards modularity in extensions to a language-independent core},
  author={Bender, Emily M and Flickinger, Dan},
  booktitle={Proceedings of the 2nd International Joint Conference on Natural Language Processing IJCNLP-05 (Posters/Demos), Jeju Island, Korea},
  year={2005}
}
Prototyping with the Matrix
@InProceedings{bender-EtAl:2010:Demos,
  title     = {Grammar Prototyping and Testing with the LinGO Grammar Matrix
               Customization System},
  author    = {Bender, Emily M.  and  Drellishak, Scott  and  Fokkens, Antske
               and  Goodman, Michael Wayne  and  Mills, Daniel P.  and  Poulson,
               Laurie  and  Saleem, Safiyyah},
  booktitle = {Proceedings of the ACL 2010 System Demonstrations},
  month     = {July},
  year      = {2010},
  address   = {Uppsala, Sweden},
  publisher = {Association for Computational Linguistics},
  pages     = {1--6},
  url       = {http://www.aclweb.org/anthology/P10-4001}
}
Fundamentals for NLP
@book{Bender:FundamentalsForNLP:13,
  author = {Bender, Emily M.},
  year = 2013,
  title = {Linguistic Fundamentals for Natural Language Processing: 100 Essentials from Morphology and Syntax},
  seriestitle = {Synthesis Lectures on Human Language Technologies #20},
  publisher = {Morgan \& Claypool Publishers}
}
@inproceedings{bond2005open,
  title={Open source machine translation with {DELPH-IN}},
  author={Bond, Francis and Oepen, Stephan and Siegel, Melanie and Copestake, Ann and Flickinger, Dan},
  booktitle={Proceedings of the Open-Source Machine Translation Workshop at the 10th Machine Translation Summit},
  pages={15--22},
  year={2005}
}
:Unread
@article{bond2011deep,
  title={Deep open-source machine translation},
  author={Bond, Francis and Oepen, Stephan and Nichols, Eric and Flickinger, Dan and Velldal, Erik and Haugereid, Petter},
  journal={Machine Translation},
  volume={25},
  number={2},
  pages={87--105},
  year={2011},
  publisher={Springer}
}
@inproceedings{bender2007combining,
  title={Combining research and pedagogy in the development of a crosslinguistic grammar resource},
  author={Bender, Emily M},
  booktitle={Proceedings of the workshop Grammar Engineering across Frameworks},
  year={2007}
}
@book{boas2012sign,
  title={Sign-based construction grammar},
  author={Boas, Hans Christian and Sag, Ivan A},
  year={2012},
  publisher={CSLI Publications/Center for the Study of Language and Information}
}
verb clusters in German and Dutch
@article{bouma1998wordorder,
  title={Word order constraints on verb clusters in {German} and {Dutch}},
  author={Bouma, Gosse and Van Noord, Gertjan},
  journal={Syntax and semantics},
  pages={43--71},
  year={1998},
  publisher={Citeseer}
}
Constraint-based lexica
@incollection{bouma2000constraint,
  title={Constraint-based lexica},
  author={Bouma, Gosse and Van Eynde, Frank and Flickinger, Dan},
  booktitle={Lexicon development for speech and language processing},
  pages={43--75},
  year={2000},
  publisher={Springer}
}
@book{carpenter1992logic,
  author	= {Carpenter, Bob},
  title		= {The {L}ogic of {T}yped {F}eature {S}tructures},
  publisher	= {Cambridge University Press},
  year		= {1992},
  address	= {Cambridge}
}
:Unread
@inproceedings{copestake1995translation,
  title={Translation using minimal recursion semantics},
  author={Copestake, Ann and Flickinger, Dan and Malouf, Rob and Riehemann, Susanne and Sag, Ivan},
  booktitle={Proceedings of the Sixth International Conference on Theoretical and Methodological Issues in Machine Translation},
  pages={15--32},
  year={1995}
}
@book{chan2014routledge,
  title={Routledge Encyclopedia of Translation Technology},
  author={Chan, Sin-wai},
  year={2014},
  publisher={Routledge}
}
@article{chomsky1959certain,
  title={On certain formal properties of grammars},
  author={Chomsky, Noam},
  journal={Information and control},
  volume={2},
  number={2},
  pages={137--167},
  year={1959},
  publisher={Elsevier}
}
chart generator for (semi-) lexicalist grammars
@inproceedings{carroll1999efficient,
  title={An efficient chart generator for (semi-)lexicalist grammars},
  author={Carroll, John and Copestake, Ann and Flickinger, Dan and Poznanski, Victor},
  booktitle={Proceedings of the 7th European workshop on natural language generation (EWNLG’99)},
  pages={86--95},
  year={1999}
}
@article{copestake2000appendix,
  title={Appendix: Definitions of typed feature structures},
  author={Copestake, Ann},
  journal={Natural Language Engineering},
  volume={6},
  number={01},
  pages={109--112},
  year={2000},
  publisher={Cambridge Univ Press}
}
ITFS
@book{copestake2002implementing,
  title={{Implementing Typed Feature Structure Grammars}},
  author={Copestake, Ann},
  volume={110},
  year={2002},
  publisher={CSLI publications Stanford}
}
An Open Source Grammar Development Environment and Broad-coverage English Grammar Using {HPSG}
@inproceedings{copestake2000open,
    author = {Ann Copestake and Dan Flickinger},
    title = {An Open Source Grammar Development Environment and Broad-coverage {English} Grammar Using {HPSG}},
    month = {May},
    year = {2000},
    address = {Athens, Greece},
    publisher = {European Language Resources Association (ELRA)},
    booktitle = {Proceedings of the Second International Conference on Language Resources and Evaluation (LREC-2000)},
    url = {http://www.lrec-conf.org/proceedings/lrec2000/pdf/371.pdf},
    note = {ACL Anthology Identifier: L00-1276},
    }
Algebra for semantic construction (MRS?)
@inproceedings{copestake2001algebra,
  title={An algebra for semantic construction in constraint-based grammars},
  author={Copestake, Ann and Lascarides, Alex and Flickinger, Dan},
  booktitle={Proceedings of the 39th Annual Meeting on Association for Computational Linguistics},
  pages={140--147},
  year={2001},
  organization={Association for Computational Linguistics}
}
Into to MRS
@article{copestake2005minimal,
  title={{Minimal Recursion Semantics: An Introduction}},
  author={Copestake, Ann and Flickinger, Dan and Pollard, Carl and Sag, Ivan A},
  journal={Research on Language and Computation},
  volume={3},
  number={2-3},
  pages={281--332},
  year={2005},
  publisher={Springer}
}
Efficient {HPSG} generation for German
@inproceedings{crysmann2012towards,
  title={Towards Efficient {HPSG} Generation for {German}, a Non-Configurational Language.},
  author={Crysmann, Berthold and Packard, Woodley},
  booktitle={COLING},
  pages={695--710},
  year={2012}
}
@article{flickinger2000building,
  title={On building a more effcient grammar by exploiting types},
  author={Flickinger, Dan},
  journal={Natural Language Engineering},
  volume={6},
  number={01},
  pages={15--28},
  year={2000},
  publisher={Cambridge Univ Press}
}
Compositional semantics in a multilingual grammar resource
@inproceedings{Flickinger:Ben:03,
  author = {Flickinger, Dan and Bender, Emily M.},
  title = {Compositional Semantics in a Multilingual Grammar Resource},
  booktitle = {Proceedings of the Workshop on Ideas and Strategies
               for Multilingual Grammar Development, ESSLLI 2003},
  editor = {Bender, Emily M. and Flickinger, Dan and Fouvry, Frederik
            and Siegel, Melanie},
  pages = {33--42},
  address = {Vienna, Austria},
  year = 2003
}
!! MRS in the LinGO Grammar Matrix
@misc{flickinger2003mrs,
  title={{MRS in the LinGO Grammar Matrix: A practical user’s guide}},
  author={Flickinger, Dan and Bender, Emily M and Oepen, Stephan},
  year={2003},
  publisher={Technical report, Deep Thought Project Deliverable 3.5}
}
:Unread
@inproceedings{flickinger2005sem,
  title={{SEM-I} rational MT. Enriching deep grammars with a semantic interface for scalable machine translation},
  author={Flickinger, Dan and L{\o}nning, Jan Tore and Dyvik, Helge and Oepen, Stephan and Bond, Francis},
  booktitle={Proceedings of the 10th Machine Translation Summit},
  pages={165--172},
  year={2005}
}
:Unread
@inproceedings{flickinger2014towards,
  title={Towards an Encyclopedia of Compositional Semantics: Documenting the Interface of the {English} Resource Grammar.},
  author={Flickinger, Dan and Bender, Emily M and Oepen, Stephan},
  booktitle={LREC},
  pages={875--881},
  year={2014}
}
Metagrammar engineering
@inproceedings{fokkens2011metagrammar,
  title={Metagrammar engineering: Towards systematic exploration of implemented grammars},
  author={Fokkens, Antske},
  booktitle={Proceedings of the 49th Annual Meeting of the Association for Computational Linguistics: Human Language Technologies-Volume 1},
  pages={1066--1076},
  year={2011},
  organization={Association for Computational Linguistics}
}
@InProceedings{fok:avg:zha:12,
  author    = {Fokkens, Antske and Tania Avgustinova and Yi Zhang},
  title     = {{CLIMB} grammars: three projects using metagrammar engineering},
  booktitle = {Proceedings of the Eight International Conference on Language Resources and Evaluation (LREC'12)},
  month     = {May},
  year      = {2012},
  address   = {Istanbul, Turkey},
  publisher = {European Language Resources Association (ELRA)},
}
@phdthesis{fokkens2014enhancing,
  title={Enhancing Empirical Research for Linguistically Motivated Precision Grammars},
  author={Fokkens, Antske Sibelle},
  year={2014},
  school={Department of Computational Linguistics, Universit{\"a}t des Saarlandes}
}
@book{Haeseryn-et-al-1997,
  address    = {Groningen},
  author     = {Haeseryn, W. et al.},
  publisher  = {Martinus Nijhoff},
  title      = {Algemene Nederlandse Spraakkunst 2},
  year       = {1997},
  iso_code   = {nld},
  olac_field = {syntax; typology; general_linguistics},
  wals_code  = {dut}
}
@incollection{joshi1997tree,
  title={{Tree-Adjoining Grammars}},
  author={Joshi, Aravind K and Schabes, Yves},
  booktitle={Handbook of formal languages},
  pages={69--123},
  year={1997},
  publisher={Springer}
}
lol, have i even read this yet?
@article{keskinen2012symbolchat,
  title={{SymbolChat}: A flexible picture-based communication platform for users with intellectual disabilities},
  author={Keskinen, Tuuli and Heimonen, Tomi and Turunen, Markku and Rajaniemi, Juha-Pekka and Kauppinen, Sami},
  journal={Interacting with Computers},
  volume={24},
  number={5},
  pages={374--386},
  year={2012},
  publisher={Oxford University Press}
}
TDL
@inproceedings{krieger1994tdl,
  title={{TDL}: a type description language for constraint-based grammars},
  author={Krieger, Hans-Ulrich and Sch{\"a}fer, Ulrich},
  booktitle={Proceedings of the 15th conference on Computational linguistics-Volume 2},
  pages={893--899},
  year={1994},
  organization={Association for Computational Linguistics}
}
:Unread
@techreport{krieger1994tdlUserguide,
  title={{TDL}: a type description language for {HPSG}.-Part 2: user guide},
  author={Krieger, Hans-Ulrich and Sch{\"a}fer, Ulrich},
  year={1994},
  organization={Deutsches Forschungszentrum für Künstliche Intelligenz GmbH}
}
@inproceedings{Levine06head-drivenphrase,
    author = {Robert D. Levine and W. Detmar Meurers},
    title = {{Head-Driven Phrase Structure Grammar}},
    booktitle = {In E. K. Brown (Ed.), Encyclopedia of Language and Linguistics, Second Edition},
    year = {2006},
    pages = {237--252},
    publisher = {Elsevier}
}
:Unread, yet LOGON plays a crucial intermediary role
@inproceedings{Lonning04logon.a,
    author = {Jan Tore Lønning and Stephan Oepen and Dorothee Beermann and Lars Hellan and John Carroll and Helge Dyvik and Dan Flickinger and Janne Bondi Johannessen and Paul Meurer},
    title = {{LOGON}. A {Norwegian} {MT} effort},
    booktitle = {In Proceedings of the Workshop in Recent Advances in Scandinavian Machine Translation},
    year = {2004}
}
{HPSG} -- A Synopsis
@article{muller13hpsg-synopsis,
    author = {Stefan Müller and Freie Universität Berlin and Deutsche Grammatik and Habelschwerdter Allee},
    title = {{HPSG} – A Synopsis to appear in Artemis Alexiadou and Tibor Kiss (Eds): Syntax – Ein internationales Handbuch},
    year = {2013}
}
@incollection{muller2000hpsg,
  title={{HPSG} analysis of {German}},
  author={Müller, Stefan and Kasper, Walter},
  booktitle={Verbmobil: Foundations of speech-to-speech translation},
  pages={238--253},
  year={2000},
  publisher={Springer}
}
@article{miller1995wordnet,
  title={{WordNet}: a lexical database for {English}},
  author={Miller, George A},
  journal={Communications of the ACM},
  volume={38},
  number={11},
  pages={39--41},
  year={1995},
  publisher={ACM}
}
:Unread
@inproceedings{Nygaard06usinga,
    author = {Lars Nygaard and Jan Tore Lønning and Stephan Oepen},
    title = {Using a bi-lingual dictionary in lexical transfer},
    booktitle = {In Proceedings of the 11th conference of the European Asoociation of Machine Translation},
    year = {2006}
}
LinGO Redwoods treebanking
@inproceedings{Oepen02lingoredwoods,
    author = {Stephan Oepen and Dan Flickinger and Kristina Toutanova and Christoper D. Manning},
    title = {LinGO Redwoods - A Rich and Dynamic Treebank for {HPSG}},
    booktitle = {In Beyond PARSEVAL. Workshop of the Third LREC Conference},
    year = {2002},
    pages = {575--596}
}
@techreport{oepen2010disambiguate,
  title={Efficient Parsing and Disambiguation for {DELPH-IN} Grammars},
  author={Oepen, Stephan},
  year={2010},
  publisher={CSLI publications},
}
@inproceedings{oepen2004som,
  title={Som {\aa} kapp-ete med trollet?-towards {MRS}-based {Norwegian-English} machine translation},
  author={Oepen, Stephan and Dyvik, Helge and L{\o}nning, Jan Tore and Velldal, Erik and Beermann, Dorothee and Carroll, John and Flickinger, Dan and Hellan, Lars and Johannessen, Janne Bondi and Meurer, Paul},
  booktitle={In Proceedings of the 10th International Conference on Theoretical and Methodological Issues in Machine Translation},
  year={2004},
  organization={Citeseer}
}
@incollection{carroll2005high,
  title={High efficiency realization for a wide-coverage unification grammar},
  author={Carroll, John and Oepen, Stephan},
  booktitle={Natural Language Processing--IJCNLP 2005},
  pages={165--176},
  year={2005},
  publisher={Springer}
}

@inproceedings{siegel2002efficient,
  title={Efficient deep processing of {Japanese}},
  author={Siegel, Melanie and Bender, Emily M},
  booktitle={Proceedings of the 3rd workshop on Asian language resources and international standardization-Volume 12},
  pages={1--8},
  year={2002},
  organization={Association for Computational Linguistics}
}
Logon transfer formalism (technical report)
@techreport{oepen2008transfer,
  title={The transfer formalism: general purpose {MRS} rewriting},
  author={Oepen, Stephan},
  year={2008},
  institution={Technical Report LOGON Project. University of Oslo},
  url={http://www.emmtee.net/reports/11.pdf}
}
@inproceedings{oepen2002lingo,
  title={{The LinGO Redwoods treebank motivation and preliminary applications}},
  author={Oepen, Stephan and Toutanova, Kristina and Shieber, Stuart and Manning, Christopher and Flickinger, Dan and Brants, Thorsten},
  booktitle={Proceedings of the 19th international conference on Computational linguistics-Volume 2},
  pages={1--5},
  year={2002},
  organization={Association for Computational Linguistics}
}
@website{sweaglesACE,
  title={{ACE, the Answer Constraint Engine}},
  author={Packard, Woodley},
  year={2015},
  url={http://sweaglesw.org/linguistics/ace/},
  note={[Last accessed 2016-06-25]}
}
{HPSG} 1994
@book{pollard1994head,
  title={{Head-driven Phrase Structure Grammar}},
  author={Pollard, Carl and Sag, Ivan A},
  year={1994},
  publisher={University of Chicago Press}
}
Syntax handbook
@book{sag1999syntactic,
  title={Syntactic theory: A formal introduction},
  author={Sag, Ivan A and Wasow, Thomas and Bender, Emily M and Sag, Ivan A},
  volume={92},
  year={1999},
  publisher={Center for the Study of Language and Information Stanford, CA}
}
@book{sag2003syntactic,
  added-at = {2012-10-28T16:18:59.000+0100},
  address = {Stanford},
  author = {Sag, Ivan A. and Wasow, Thomas and Bender, Emily},
  biburl = {http://www.bibsonomy.org/bibtex/2d55a5c47b481a2897ed8aa757d7c1f4e/yfpeng},
  edition = {2nd},
  interhash = {a8ec49e003bb098295b56988100ca631},
  intrahash = {d55a5c47b481a2897ed8aa757d7c1f4e},
  keywords = {grammar},
  publisher = {Center for the Study of Language and Information},
  timestamp = {2012-10-28T16:20:00.000+0100},
  title = {{Syntactic Theory: A Formal Introduction}},
  url = {http://csli-publications.stanford.edu/site/1575864002.html},
  year = 2003
}
Sevens et al - Synset links
@inproceedings{sevens2014improving,
  title={Improving the Precision of Synset Links Between {Cornetto} and {Princeton WordNet}},
  author={Sevens, Leen and Vandeghinste, Vincent and Van Eynde, Frank},
  booktitle={Workshop on Lexical and Grammatical Resources for Language Processing},
  pages={120},
  year={2014}
}
@article{shieber1983formalism,
  title={The formalism and implementation of {PATR-II}},
  author={Shieber, Stuart Merrill and Uszkoreit, Hans and Pereira, Fernando and Robinson, Jane and Tyson, Mabry},
  year={1983},
  publisher={SRI International}
}
:Unread
Individual constraints (ICONS)
@inproceedings{song2012individual,
  title={Individual Constraints for Information Structure},
  author={Song, Sanghoun and Bender, Emily M},
  booktitle={Proceedings of the 19th International Conference on Head-Driven Phrase Structure Grammar},
  pages={330--348},
  year={2012},
  organization={Citeseer}
}
@article{steele1989computer,
  title={Computer-based visual communication in aphasia},
  author={Steele, Richard D and Weinrich, Michael and Wertz, Robert T and Kleczewska, Maria K and Carlson, Gloria S},
  journal={Neuropsychologia},
  volume={27},
  number={4},
  pages={409--426},
  year={1989},
  publisher={Elsevier}
}
@article{vater1975toward,
  title={Toward a generative dependency grammar},
  author={Vater, Heinz},
  journal={Lingua},
  volume={36},
  number={2-3},
  pages={121--145},
  year={1975},
  publisher={Elsevier}
}

Vandeghinste PhD
@phdthesis{vandeghinste2008hybrid,
  title={A hybrid modular machine translation system: {LoRe-MT}: low resources machine translation},
  author={Vandeghinste, Vincent},
  publisher={Netherlands Graduate School of Linguistics},
  year={2008}
}

@inproceedings{vandeghinste2014linking,
  title={Linking Pictographs to {Synsets}: {Sclera2Cornetto}},
  author={Vandeghinste, Vincent and Schuurman, Ineke},
  booktitle={LREC},
  pages={3404--3410},
  year={2014}
}
text to picto
@article{vandeghinste2015translating,
  title={Translating text into pictographs},
  author={Vandeghinste, Vincent and Sevens, Leen and Schuurman, Ineke and Van
          Eynde, Frank},
  journal={Natural Language Engineering},
  pages={1--28},
  year={2015},
  publisher={Cambridge Univ Press}
}
:Unread (for the most part)
@article{vaneynde2005argument,
  title={Argument realization in {Dutch}},
  author={Van Eynde, Frank},
  journal={LOT Occasional Series},
  volume={4},
  pages={89--103},
  year={2005},
  publisher={LOT, Netherlands Graduate School of Linguistics}
}
@inproceedings{vaneynde1998immediate,
  title={The immediate dominance schemata of {HPSG}},
  author={Van Eynde, Frank},
  booktitle={Computational Linguistics in the Netherlands},
  volume={1997},
  pages={119--133},
  year={1998}
}
@article{vossen1999dutch,
  title={The {Dutch} WordNet},
  author={Vossen, Piek and Bloksma, Laura and Boersma, Paul},
  journal={EuroWordNet Paper. University of Amsterdam, Amsterdam},
  year={1999}
}
@article{velldal2009empirical,
  title={Empirical realization ranking},
  author={Velldal, Erik},
  year={2009}
}
@inproceedings{velldal2006statistical,
  title={Statistical ranking in tactical generation},
  author={Velldal, Erik and Oepen, Stephan},
  booktitle={Proceedings of the 2006 Conference on Empirical Methods in Natural Language Processing},
  pages={517--525},
  year={2006},
  organization={Association for Computational Linguistics}
}
@article{vossen1999dutch,
  title={The {Dutch} WordNet},
  author={Vossen, Piek and Bloksma, Laura and Boersma, Paul},
  journal={EuroWordNet Paper. University of Amsterdam, Amsterdam},
  year={1999}
}
@inproceedings{vossen2007cornetto,
  title={The {Cornetto} database: Architecture and user-scenarios},
  author={Vossen, Piek and Hofmann, Katja and de Rijke, Maarten and Sang, Erik Tjong Kim and Deschacht, Koen},
  booktitle={Proceedings DIR},
  volume={2007},
  pages={89--96},
  year={2007}
}
@article{postma2014open,
  title={{Open Source {Dutch} WordNet}},
  author={Postma, Marten and Vossen, Piek},
  year={2014}
}
@book{wahlster2013verbmobil,
  title={Verbmobil: foundations of speech-to-speech translation},
  author={Wahlster, Wolfgang},
  year={2013},
  publisher={Springer Science \& Business Media}
}
@book{zwart2011syntax,
  title={The syntax of {Dutch}},
  author={Zwart, Jan-Wouter},
  year={2011},
  publisher={Cambridge University Press}
}
