@string{ACL:01 = {Proceedings of the 39th {M}eeting of the 
                  {A}ssociation for {C}omputational {L}inguistics}}

@string{COLING:02 = {Proceedings of the 19th {I}nternational {C}onference on 
                     {C}omputational {L}inguistics}}

@string{CONLL:02 = {Proceedings of the 2002 {C}onference on {N}atural
                  {L}anguage {L}earning}}

@string{CSLI = {CSLI Stanford}}

@incollection{Siegel00,
  author = {Siegel, Melanie},
  title = {{HPSG} Analysis of {J}apanese},
  booktitle = {Verbmobil: Foundations of Speech-to-Speech Translation},
  editor = {Wahlster, Wolfgang},
  year = {2000},
  publisher = {Springer},
  address = {Berlin},
  project = {jnn}
}
		  
@inproceedings{Sie:Ben:02,
  author = {Siegel, Melanie and Bender, Emily M.},
  title = {Efficient Deep Processing of Japanese},
  year = {2002},
  booktitle = {Proceedings of the 3rd Workshop on Asian Language
       Resources and Standardization at the 19th Internation 
       Conference on Computational Linguistics},
  address = {Taipei, Taiwan},
 }

@incollection{Ben:Fli:99,
  author =  {Bender, Emily and Dan Flickinger},
  title = {Peripheral constructions and core phenomena},
  editor = {Gert Webelhuth and Andreas Kathol and Jean-Pierre Koenig}, 
  booktitle = {Lexical and Constructional Aspects of Linguistic Explanation},
  publisher = {CSLI Publications},
  address = {Stanford},
  year = {1999}
}

@inproceedings{Ben:Fli:Oep:02,
  author = {Emily M.~Bender and Dan Flickinger and Stephan Oepen},
  title = {The {G}rammar {M}atrix: An Open-Source Starter-Kit for the Rapid 
       Development of Cross-Linguistically Consistent Broad-Coverage
       Precision Grammars},
  year = 2002,
  booktitle = {Proceedings of the Workshop on Grammar Engineering and
       Evaluation at the 19th Internation Conference on Computational
       Linguistics},
  pages = {8--14},
  address = {Taipei, Taiwan}
}

@book{Carpenter:92,
  author = {Bob Carpenter},
  title = {The Logic of Typed Feature Structures},
  year = 1992,
  address = {Cambridge, UK},
  publisher = {Cambridge University Press}
}

@book{Copestake:02,
  title = {Implementing Typed Feature Structure Grammars},
  author = {Ann Copestake}, 
  publisher = {CSLI Publications},
  address = {Stanford, CA},
  year = 2002
}

@unpublished{Cop:03,
  author = {Ann Copestake},
  title = {Report on the design of {RMRS}: Deep {T}hought project report {D}1.1},
  organization = {Deep Thought},
  address = {Cambridge},
  howpublished = {Project Report D1.1},
  year = 2003
}

@inproceedings{Cop:Las:Fli:01,
  author = {Ann Copestake and Alex Lascarides and Dan Flickinger},
  title = {An Algebra for Semantic Construction in Constraint-based Grammars},
  booktitle = ACL:01,
  address = {Toulouse, France},
  year = 2001
}

@unpublished{Cop:Fli:Sag:99,
  author = {Ann Copestake and Daniel~P. Flickinger and Ivan~A. Sag 
            and Carl Pollard},
  title = {{M}inimal {R}ecursion {S}emantics. {A}n Introduction},
  organization = CSLI,
  address = {Stanford, CA},
  howpublished = {in preparation},
  year = 1999
}

@unpublished{Cop:Fli:Sag:Pol:03,
  author = {Ann Copestake and Daniel~P.~Flickinger and Ivan~A.~Sag 
            and Carl Pollard},
  title = {{M}inimal {R}ecursion {S}emantics. {A}n Introduction},
  organization = CSLI,
  address = {Stanford, CA},
  howpublished = {in preparation},
  year = 2003
}

@unpublished{Fli:Ben:f,
  author = {Dan Flickinger and Emily M.~Bender},
  title = {The Matrix: Complementation},
  organization = CSLI,
  address = {Stanford, CA},
  howpublished = {in preparation},
  year = {forthcoming}
}

@book{Gin:Sag:00,
  title = {Interrogative Investigations: The form, meaning and use of English interrogatives},
  author = {Jonathan Ginzburg and Ivan~A. Sag},
  publisher = {CSLI Publications},
  address = {Stanford, CA},
  year = 2000
}

@book{Oep:Fli:Tsu:02,
  title = {Collaborative Language Engineering.
           {A} Case Study in Efficient Grammar-based Processing},
  editor = {Stephan Oepen and Daniel Flickinger and J. Tsujii
            and Hans Uszkoreit},
  publisher = {CSLI Publications},
  address = {Stanford, CA},
  year = 2002
}

@book{Pol:Sag:94,
  author = {Pollard, Carl and Sag, Ivan A.},
  title = {Head-driven Phrase Structure Grammar},
  publisher = {Chicago University Press},
  address = {Chicago},
  year = {1994}
}

@article{Flickinger00,
  author = {Flickinger, Dan},
  title = {On Building a More Efficient Grammar by Explointing Types},
  journal = {Natural Language Engineering},
  volume = {6},
  number = {1},
  year = {2000}
}

@book{Wahl:Karg:00,
  author = {Wahlster, Wolfgang and Reinhard Karger},
  title = {Verbmobil: Foundations of Speech-to-Speech Translation},
  publisher = {Springer Verlag},
  address = {Berlin, Heidelberg, and New York},
  year = {2000}
}

@techreport{Kri:Sch:94,
  author    = {Krieger, Hans-Ulrich and Schaefer, Ulrich},
  title     = {{TDL} - A type description language for {HPSG}},
  type      = {{Research Report}},
  optNumbe  = {},
  institution = {Deutsches Forschungszentrum fuer Kuenstliche Intelligenz},
  address   = {Saarbruecken},
  year      = 1994
}

@inproceedings{Fli:Ben:03,
  author = {Flickinger, Dan and Bender, Emily M.},
  title = {Compositional Semantics in a Multilingual Grammar Resource},
  booktitle = {Proceedings of the Workshop on Ideas and Strategies
               for Multilingual Grammar Devel, ESSLLI 2003opment},
  editor = {Bender, Emily M. and Flickinger, Dan and Fouvry, Frederik
            and Siegel, Melanie},
  pages = {33--42},
  address = {Vienna, Austria},
  year = 2003
}

@inproceedings{Ben:Fli:05,
  author = {Bender, Emily M. and Flickinger, Dan},
  title = {Rapid Prototyping of Scalable Grammars: Towards Modularity in Extensions to a Language-Independent Core},
  booktitle = {Proceedings of the 2nd International Joint Conference on Natural Language Processing IJCNLP-05 (Posters/Demos)},
  address = {Jeju Island, Korea},
  year = 2005
}

@InProceedings{Dre:Ben:05,
  author	= {Scott Drellishak and Emily M. Bender},
  title		= {A Coordination Module for a Crosslinguistic Grammar
		  Resource},
  booktitle	= {The Proceedings of the 12th International Conference on
		  Head-Driven Phrase Structure Grammar, Department of
		  Informatics, University of Lisbon},
  editor	= {Stefan M{\"u}ller},
  address	= {Stanford},
  publisher	= {CSLI Publications},
  url		= {http://cslipublications.stanford.edu/HPSG/6/},
  pages		= {108--128},
  year		= {2005}
}
